<record xmlns="http://www.loc.gov/MARC21/slim" xmlns:xsi="http://www.w3.org/2001/XMLSchema-instance" xsi:schemaLocation="http://www.loc.gov/MARC21/slim http://www.loc.gov/standards/marcxml/schema/MARC21slim.xsd"><leader>02471nam a2200421   4500</leader><controlfield tag="001">3058885</controlfield><controlfield tag="003">NNC</controlfield><controlfield tag="006">m        d        </controlfield><controlfield tag="007">cr cn |||m|||a</controlfield><controlfield tag="008">150223s1962    iq      o     000 0 ara  </controlfield><datafield ind1=" " ind2=" " tag="040"><subfield code="a">NNU</subfield><subfield code="b">eng</subfield><subfield code="e">rda</subfield><subfield code="c">NNU</subfield></datafield><datafield ind1=" " ind2="4" tag="050"><subfield code="a">BP193</subfield><subfield code="b">.I13 M42 1962</subfield></datafield><datafield ind1="1" ind2=" " tag="100"><subfield code="6">880-01</subfield><subfield code="a">Ibn Ma&#699;s&#803;u&#772;m, &#699;Ali&#772; ibn Ah&#803;mad,</subfield><subfield code="d">1642-approximately 1707.</subfield></datafield><datafield ind1="1" ind2="3" tag="245"><subfield code="6">880-02</subfield><subfield code="a">al-Daraja&#772;t al-rafi&#772;&#699;ah fi&#772; t&#803;abaqa&#772;t al-Shi&#772;&#699;ah /</subfield><subfield code="c">ta&#700;li&#772;f S&#803;adr al-Di&#772;n al-Sayyid &#699;Ali&#772; Kha&#772;n al-Madani&#772; al-Shi&#772;ra&#772;zi&#772; al-H&#803;usayni&#772; ; qaddama lah Muh&#803;ammad S&#803;a&#772;diq Bah&#803;r al-&#699;Ulu&#772;m.</subfield></datafield><datafield ind1=" " ind2=" " tag="250"><subfield code="6">880-03</subfield><subfield code="a">al-T&#803;ab&#699;ah 1.</subfield></datafield><datafield ind1=" " ind2=" " tag="260"><subfield code="6">880-04</subfield><subfield code="a">al-Najaf :</subfield><subfield code="b">al-Maktabah al-H&#803;aydari&#772;yah,</subfield><subfield code="c">1962.</subfield></datafield><datafield ind1=" " ind2=" " tag="300"><subfield code="a">online resource (16, 596 pages)</subfield></datafield><datafield ind1=" " ind2=" " tag="336"><subfield code="a">text</subfield><subfield code="2">rdacontent</subfield></datafield><datafield ind1=" " ind2=" " tag="337"><subfield code="a">computer</subfield><subfield code="2">rdamedia</subfield></datafield><datafield ind1=" " ind2=" " tag="338"><subfield code="a">online resource</subfield><subfield code="2">rdacarrier</subfield></datafield><datafield ind1=" " ind2=" " tag="500"><subfield code="a">Part of the Arabic Collections Online (ACO) project, contributed by Columbia University Libraries.</subfield></datafield><datafield ind1=" " ind2=" " tag="533"><subfield code="a">Electronic reproduction.</subfield><subfield code="b">New York, N.Y. :</subfield><subfield code="c">New York University,</subfield><subfield code="d">2015.</subfield><subfield code="5">NNU</subfield></datafield><datafield ind1=" " ind2="0" tag="650"><subfield code="a">Shiites</subfield><subfield code="v">Biography.</subfield></datafield><datafield ind1=" " ind2="7" tag="650"><subfield code="a">Shiites.</subfield><subfield code="2">fast</subfield><subfield code="0">(OCoLC)fst01115976</subfield></datafield><datafield ind1=" " ind2="7" tag="655"><subfield code="a">Biography.</subfield><subfield code="2">fast</subfield><subfield code="0">(OCoLC)fst01423686</subfield></datafield><datafield ind1="1" ind2=" " tag="700"><subfield code="6">880-05</subfield><subfield code="a">Bah&#803;r al-&#699;Ulu&#772;m, Muh&#803;ammad S&#803;a&#772;diq.</subfield></datafield><datafield ind1="2" ind2=" " tag="710"><subfield code="a">Columbia University.</subfield><subfield code="b">Libraries.</subfield></datafield><datafield ind1="0" ind2=" " tag="730"><subfield code="a">Arabic Collections Online.</subfield></datafield><datafield ind1="0" ind2="8" tag="776"><subfield code="i">Online version:</subfield><subfield code="a">Ibn Ma&#699;s&#803;u&#772;m, &#699;Ali&#772; ibn Ah&#803;mad, 1642-approximately 1707.</subfield><subfield code="t">Daraja&#772;t al-rafi&#772;&#699;ah fi&#772; t&#803;abaqa&#772;t al-Shi&#772;&#699;ah.</subfield><subfield code="d">al-Najaf : al-Maktabah al-H&#803;aydari&#772;yah, 1962</subfield><subfield code="w">(OCoLC)645149160</subfield></datafield><datafield ind1="0" ind2="8" tag="776"><subfield code="i">Print version:</subfield><subfield code="a">Ibn Ma&#699;s&#803;u&#772;m, &#699;Ali&#772; ibn Ah&#803;mad, 1642-approximately 1707.</subfield><subfield code="t">al-Daraja&#772;t al-rafi&#772;&#699;ah fi&#772; t&#803;abaqa&#772;t al-Shi&#772;&#699;ah</subfield><subfield code="w">(NNC)3058885</subfield><subfield code="w">(DLC)ne 65001775</subfield><subfield code="w">(OCoLC)23492998</subfield></datafield><datafield ind1="4" ind2="0" tag="856"><subfield code="u">http://hdl.handle.net/2333.1/0cfxpqmz</subfield></datafield><datafield ind1="1" ind2=" " tag="880"><subfield code="6">100-01/r</subfield><subfield code="a">&#1575;&#1576;&#1606; &#1605;&#1593;&#1589;&#1608;&#1605;&#1548; &#1593;&#1604;&#1610; &#1576;&#1606; &#1571;&#1581;&#1605;&#1583;&#1548;,</subfield><subfield code="d">1642-approximately 1707.</subfield></datafield><datafield ind1="1" ind2="2" tag="880"><subfield code="6">245-02/r</subfield><subfield code="a">&#1575;&#1604;&#1583;&#1585;&#1580;&#1575;&#1578; &#1575;&#1604;&#1585;&#1601;&#1610;&#1593;&#1577; &#1601;&#1610; &#1591;&#1576;&#1602;&#1575;&#1578; &#1575;&#1604;&#1588;&#1610;&#1593;&#1577; /</subfield><subfield code="c">&#1578;&#1571;&#1604;&#1610;&#1601; &#1589;&#1583;&#1585; &#1575;&#1604;&#1583;&#1610;&#1606; &#1575;&#1604;&#1587;&#1610;&#1583; &#1593;&#1604;&#1610; &#1582;&#1575;&#1606; &#1575;&#1604;&#1605;&#1583;&#1606;&#1610; &#1575;&#1604;&#1588;&#1610;&#1585;&#1575;&#1586;&#1610; &#1575;&#1604;&#1581;&#1587;&#1610;&#1606;&#1610; &#1563; &#1602;&#1583;&#1605; &#1604;&#1577; &#1605;&#1581;&#1605;&#1583; &#1589;&#1575;&#1583;&#1602; &#1576;&#1581;&#1585; &#1575;&#1604;&#1593;&#1604;&#1608;&#1605;.</subfield></datafield><datafield ind1=" " ind2=" " tag="880"><subfield code="6">250-03/r</subfield><subfield code="a">&#1575;&#1604;&#1591;&#1576;&#1593;&#1577; 1.</subfield></datafield><datafield ind1=" " ind2=" " tag="880"><subfield code="6">260-04/r</subfield><subfield code="a">&#1575;&#1604;&#1606;&#1580;&#1601; :</subfield><subfield code="b">&#1575;&#1604;&#1605;&#1603;&#1578;&#1576;&#1577; &#1575;&#1604;&#1581;&#1610;&#1583;&#1585;&#1610;&#1577;&#1548;</subfield><subfield code="c">1962.</subfield></datafield><datafield ind1="1" ind2=" " tag="880"><subfield code="6">700-05/r</subfield><subfield code="a">&#1576;&#1581;&#1585; &#1575;&#1604;&#1593;&#1604;&#1608;&#1605;&#1548; &#1605;&#1581;&#1605;&#1583; &#1589;&#1575;&#1583;&#1602;.</subfield></datafield><datafield ind1=" " ind2=" " tag="959"><subfield code="a">NNU</subfield><subfield code="b">WEB</subfield><subfield code="c">GENI</subfield><subfield code="t">0</subfield><subfield code="m">Electronic access</subfield><subfield code="s">01</subfield></datafield><datafield ind1=" " ind2=" " tag="999"><subfield code="i">NNC_3058885</subfield><subfield code="o">(OCoLC)23492998</subfield><subfield code="s">columbia_aco000180</subfield></datafield></record>